% Encoding: UTF-8

@book{busing2010graphen,
  title={Graphen-und Netzwerkoptimierung},
  author={BÃ¼sing, Christina},
  year={2010},
  publisher={Springer-Verlag}
}

@article{jungnickel1994graphen,
  title={Graphen, Netzwerke und Algorithmen},
  author={Jungnickel, Dieter},
  year={1994}
}